<?xml version="1.0" encoding="UTF-8"?><collection xmlns="http://www.loc.gov/MARC21/slim"><record><leader>00534nam--2200169-u-4500</leader><controlfield tag="001">000055962</controlfield><controlfield tag="002">20161230</controlfield><controlfield tag="005">20161230201052</controlfield><controlfield tag="008">130828s1000------------r-----000-0-eng-d</controlfield><datafield ind1=" " ind2=" " tag="040"><subfield code="a">IFIN-HH</subfield></datafield><datafield ind1=" " ind2=" " tag="080"><subfield code="a">52</subfield></datafield><datafield ind1="1" ind2=" " tag="110"><subfield code="a">The Association For Applied Solar Energy</subfield></datafield><datafield ind1="1" ind2="0" tag="245"><subfield code="a">Proceedings of the world symposium on applied solar energy</subfield><subfield code="b">Phoenix, arizona november 1-5, 1955</subfield></datafield><datafield ind1=" " ind2=" " tag="260"><subfield code="a">Menlo Park, California</subfield><subfield code="b">The Association For Applied Solar Energy</subfield><subfield code="c">1956</subfield></datafield><datafield ind1=" " ind2=" " tag="300"><subfield code="a">304P</subfield></datafield><datafield ind1=" " ind2=" " tag="852"><subfield code="a">13000</subfield><subfield code="c">523</subfield></datafield><datafield ind1=" " ind2=" " tag="CAT"><subfield code="a">Sys</subfield><subfield code="c">20130828</subfield><subfield code="h">132403</subfield></datafield></record></collection>